@article{journals/cgf/ValetteC04,
  added-at = {2012-04-14T00:00:00.000+0200},
  author = {Valette, SÃ©bastien and Chassery, Jean-Marc},
  biburl = {http://www.bibsonomy.org/bibtex/272c2f6ce882a2ef18147e9ecba7a6910/dblp},
  ee = {http://dx.doi.org/10.1111/j.1467-8659.2004.00769.x},
  interhash = {cc6c32d9d225bef98234dc4c643d5ebb},
  intrahash = {72c2f6ce882a2ef18147e9ecba7a6910},
  journal = {Comput. Graph. Forum},
  keywords = {dblp},
  number = 3,
  pages = {381-390},
  timestamp = {2012-04-14T00:00:00.000+0200},
  title = {Approximated Centroidal Voronoi Diagrams for Uniform Polygonal Mesh Coarsening.},
  url = {http://dblp.uni-trier.de/db/journals/cgf/cgf23.html#ValetteC04},
  volume = 23,
  year = 2004
}

@article{Levin:1998:APM:301695.301704,
 author = {Levin, David},
 title = {The Approximation Power of Moving Least-squares},
 journal = {Math. Comput.},
 issue_date = {Oct. 1998},
 volume = {67},
 number = {224},
 month = oct,
 year = {1998},
 issn = {0025-5718},
 pages = {1517--1531},
 numpages = {15},
 url = {http://dx.doi.org/10.1090/S0025-5718-98-00974-0},
 doi = {10.1090/S0025-5718-98-00974-0},
 acmid = {301704},
 publisher = {American Mathematical Society},
 address = {Boston, MA, USA},
} 

@book{Jolliffe:1986,
  abstract = {seems like a great book on PCA -
it shows the connection between PCA and SVD;
talks about how to choose the number of eigenvectors to keep;
discusses outlier detection;
uses PCA for stock prices (Dow Jones)},
  added-at = {2007-12-09T20:51:37.000+0100},
  author = {Jolliffe, I.T.},
  biburl = {http://www.bibsonomy.org/bibtex/21b71c6fb66b439679c9e0974777a8677/marymcglo},
  contents = {(not listed)},
  interhash = {2d412ce0d00e97ad8c2bdbeb053a4977},
  intrahash = {1b71c6fb66b439679c9e0974777a8677},
  keywords = {imported},
  publisher = {Springer Verlag},
  timestamp = {2007-12-09T20:51:37.000+0100},
  title = {Principal Component  Analysis},
  year = 1986
}

@article{Reeb,
    abstract = {{Definici\'{o} original de Reeb del contour tree com a espai topol\`{o}gic quocient.}},
    author = {Reeb, Georges},
    citeulike-article-id = {1202923},
    journal = {Comptes Rendus Acad. Sciences},
    keywords = {bibtex-import},
    pages = {847--849},
    posted-at = {2007-04-02 15:42:26},
    priority = {0},
    title = {{Sur les points singuliers d'une forme de Pfaff compl\`{e}tement int\'{e}grable ou d'une fonction num\'{e}rique}},
    volume = {222},
    year = {1946}
}

@INPROCEEDINGS{Amenta98thecrust,
    author = {Nina Amenta and Marshall Bern and David Eppstein},
    title = {The Crust and the Beta-Skeleton: Combinatorial Curve Reconstruction},
    booktitle = {Graphical Models and Image Processing},
    year = {1998},
    pages = {125--135},
		organization = {-}
}

@MISC{Halir98numericallystable,
    author = {Radim Halir and Jan Flusser},
    title = {Numerically Stable Direct Least Squares Fitting Of Ellipses},
    year = {1998}
}


